<record><leader>00000cas a2200000 i 4500</leader><controlfield tag="001">876833259</controlfield><controlfield tag="006">m     o  d        </controlfield><controlfield tag="007">cr |||||||||||</controlfield><controlfield tag="008">140416d18901905ksuwr neo     0   a0eng  </controlfield><datafield ind1=" " ind2=" " tag="010"><subfield code="a">  2014218267</subfield></datafield><datafield ind1=" " ind2=" " tag="040"><subfield code="a">DLC</subfield><subfield code="b">eng</subfield><subfield code="e">rda</subfield><subfield code="c">DLC</subfield><subfield code="d">OCLCF</subfield></datafield><datafield ind1="0" ind2=" " tag="022"><subfield code="a">2372-2851</subfield><subfield code="2">1</subfield></datafield><datafield ind1="1" ind2=" " tag="029"><subfield code="a">NZ1</subfield><subfield code="b">16178228</subfield></datafield><datafield ind1=" " ind2=" " tag="042"><subfield code="a">pcc</subfield><subfield code="a">nsdp</subfield></datafield><datafield ind1=" " ind2=" " tag="043"><subfield code="a">n-us-ks</subfield></datafield><datafield ind1="1" ind2="0" tag="050"><subfield code="a">ISSN RECORD</subfield></datafield><datafield ind1="0" ind2="0" tag="082"><subfield code="a">071</subfield><subfield code="2">23</subfield></datafield><datafield ind1="0" ind2=" " tag="130"><subfield code="a">Kansas agitator (Online)</subfield></datafield><datafield ind1=" " ind2="0" tag="222"><subfield code="a">Kansas agitator</subfield><subfield code="b">(Online)</subfield></datafield><datafield ind1="1" ind2="0" tag="245"><subfield code="a">Kansas agitator.</subfield></datafield><datafield ind1=" " ind2="1" tag="264"><subfield code="a">Garnett and Greely, Kansas :</subfield><subfield code="b">W. O. Champe,</subfield><subfield code="c">1890-1905.</subfield></datafield><datafield ind1=" " ind2=" " tag="300"><subfield code="a">1 online resource</subfield></datafield><datafield ind1=" " ind2=" " tag="310"><subfield code="a">Weekly</subfield></datafield><datafield ind1=" " ind2=" " tag="336"><subfield code="a">text</subfield><subfield code="b">txt</subfield><subfield code="2">rdacontent</subfield></datafield><datafield ind1=" " ind2=" " tag="337"><subfield code="a">computer</subfield><subfield code="b">c</subfield><subfield code="2">rdamedia</subfield></datafield><datafield ind1=" " ind2=" " tag="338"><subfield code="a">online resource</subfield><subfield code="b">cr</subfield><subfield code="2">rdacarrier</subfield></datafield><datafield ind1="1" ind2=" " tag="362"><subfield code="a">Began with vol. 1, no. 1 (June 7, 1890); ceased with volume 15, number 52 (May 19, 1905).</subfield></datafield><datafield ind1=" " ind2=" " tag="500"><subfield code="a">"Populist." Cf. Ayer, Amer. newspaper annual, 1895.</subfield></datafield><datafield ind1=" " ind2=" " tag="500"><subfield code="a">Simultaneously published in Greeley until 1891.</subfield></datafield><datafield ind1=" " ind2=" " tag="500"><subfield code="a">Simultaneously published in Topeka, Sept. 21, 1894-Feb. 22, 1895.</subfield></datafield><datafield ind1=" " ind2=" " tag="500"><subfield code="a">Editor: W.O. Champe.</subfield></datafield><datafield ind1=" " ind2=" " tag="588"><subfield code="a">Description based on: Vol. 1, no. 1 (June 7, 1890); title from masthead (Chroniclingamerica.loc.gov, viewed April 16, 2014).</subfield></datafield><datafield ind1=" " ind2=" " tag="588"><subfield code="a">Latest issue consulted: Volume 15, number 52 (May 19, 1905) (Chroniclingamerica.loc.gov, viewed April 16, 2014).</subfield></datafield><datafield ind1=" " ind2="0" tag="651"><subfield code="a">Garnett (Kan.)</subfield><subfield code="v">Newspapers.</subfield></datafield><datafield ind1=" " ind2="7" tag="655"><subfield code="a">Newspapers.</subfield><subfield code="2">fast</subfield><subfield code="0">(OCoLC)fst01423814</subfield></datafield><datafield ind1=" " ind2="7" tag="651"><subfield code="a">Kansas</subfield><subfield code="z">Garnett.</subfield><subfield code="2">fast</subfield><subfield code="0">(OCoLC)fst01219099</subfield></datafield><datafield ind1="1" ind2=" " tag="700"><subfield code="a">Champe, W. O.</subfield></datafield><datafield ind1=" " ind2=" " tag="752"><subfield code="a">United States</subfield><subfield code="b">Kansas</subfield><subfield code="c">Anderson</subfield><subfield code="d">Garnett.</subfield></datafield><datafield ind1=" " ind2=" " tag="752"><subfield code="a">United States</subfield><subfield code="b">Kansas</subfield><subfield code="c">Anderson</subfield><subfield code="d">Greeley.</subfield></datafield><datafield ind1=" " ind2=" " tag="752"><subfield code="a">United States</subfield><subfield code="b">Kansas</subfield><subfield code="c">Shawnee</subfield><subfield code="d">Topeka.</subfield></datafield><datafield ind1="0" ind2="8" tag="776"><subfield code="i">Originally issued in print:</subfield><subfield code="t">Kansas agitator</subfield><subfield code="x">2372-2843</subfield><subfield code="w">(DLC)sn 83040052</subfield><subfield code="w">(OCoLC)9357584</subfield></datafield><datafield ind1="0" ind2="0" tag="785"><subfield code="t">Independent review (Garnett, Kan. : Online)</subfield></datafield><datafield ind1="4" ind2="0" tag="856"><subfield code="u">http://www.loc.gov/chroniclingamerica/lccn/sn83040052/issues</subfield></datafield></record>